@book{guide,
    author = {Darrel Hankerson and Alfred J. Menezes and Scott Vanstone},
    year = {2004},
    title = {Guide to Elliptic Curve Cryptography},
    publisher = {Springer Science \& Business Media}
}
@book{discrete,
    author = {László Lovász and József Pelikán and Katalin Vesztergombi},
    year = {2003},
    title = {Discrete Mathematics: Elemenatary and Beyond},
    shorttitle = {Discrete Maths},
    publisher = {Springer}
}
@book{practical,
    author = {Svetlin Nakov},
    year = {2018},
    title = {Practical Cryptography for Developers},
    publisher = {Svetlin Nakov}
}
@techreport{nist,
    author = {Dustin Moody and Gorjan Alagic and Daniel C. Apon and David A. Cooper and Quynh H. Dang and John M. Kelsey and Yi-Kai Liu and Carl A. Miller and Rene C. Peralta and Ray A. Perlner and Angela Y. Robinson and Daniel C. Smith-Tone and Jacob Alperin-Sheriff},
    year = {2020},
    title = {Status Report on the Second Round of the NIST Post-Quantum Cryptography Standardization Process},
    shorttitle = {PQC Status Report, Second Round},
    publisher = {National Institute of Standards and Technology},
    institution = {National Institute of Standards and Technology}
}
@misc{proof,
    author = {Prototypeprj},
    year = {2020},
    title = {Derive equations For point addition \& point doubling},
    note = {{https://prototypeprj.blogspot.com/2020/07/derive-equations-for-point-addition.html} (accessed 11 April 2025)}
}
@book{wp,
    author = {Jaroslav Ramík},
    year = {2020},
    title = {Pairwise Comparisons Method: Theory and Applications in Decision Making},
    shorttitle = {Pairwise Comparisons Method},
    publisher = {Springer Nature}
}
@misc{blog,
    author = {Matthew Green},
    year = {2013},
    title = {The Many Flaws of Dual\_EC\_DRBG},
    note = {{https://blog.cryptographyengineering.com/2013/09/18/the-many-flaws-of-dualecdrbg/} (accessed 18 April 2025)}
}
@techreport{nist2,
    author = {NIST},
    year = {2023},
    title = {Digital Signature Standard (DSS)},
    shorttitle = {DSS},
    publisher = {National Institute of Standards and Technology},
    institution = {National Institute of Standards and Technology}
}
@inproceedings{cloud,
    author = {Shih-Wei Li and John S. Koh and Jason Nieh},
    title = {Protecting Cloud Virtual Machines from Hypervisor and Host Operating System Exploits},
    booktitle = {28th USENIX Security Symposium (USENIX Security 19)},
    year = {2019},
    isbn = {978-1-939133-06-9},
    address = {Santa Clara, CA},
    pages = {pp. 1357--1374},
    publisher = {USENIX Association},
}
@misc{rareskills,
    author = {RareSkills},
    year = {2023},
    title = {Elliptic Curves over Finite Fields},
    note = {{https://www.rareskills.io/post/elliptic-curves-finite-fields} (accessed 19 April 2025)}
}