@book{guide,
    author = {Darrel Hankerson and Alfred J. Menezes and Scott Vanstone},
    year = {2004},
    title = {Guide to Elliptic Curve Cryptography},
    publisher = {Springer Science \& Business Media}
}
@book{discrete,
    author = {László Lovász and József Pelikán and Katalin Vesztergombi},
    year = {2003},
    title = {Discrete Mathematics: Elemenatary and Beyond},
    publisher = {Springer}
}
@book{practical,
    author = {Svetlin Nakov},
    year = {2018},
    title = {Practical Cryptography for Developers},
    publisher = {Svetlin Nakov}
}
@techreport{nist,
    author = {Dustin Moody and Gorjan Alagic and Daniel C. Apon and David A. Cooper and Quynh H. Dang and John M. Kelsey and Yi-Kai Liu and Carl A. Miller and Rene C. Peralta and Ray A. Perlner and Angela Y. Robinson and Daniel C. Smith-Tone and Jacob Alperin-Sheriff},
    year = {2020},
    title = {Status Report on the Second Round of the NIST Post-Quantum Cryptography Standardization Process},
    publisher = {National Institute of Standards and Technology},
    institution = {National Institute of Standards and Technology}
}